%{
@online{WatIMake,
	title = "WATiMake",
	author = "University of Waterloo",
	url = {https://uwaterloo.ca/mechanical-mechatronics-engineering/resources-and-services/mme-clinic/watimake.},
	year = 2016,
	urldate = {2016-02-22}
}
%}