% No guarantee this is the correct format for any particular citation method
@misc{this_repository,
    author       = {Wesley Fisher},
    title        = {{Latex Report Skeleton}},
    month        = {nov},
    year         = {2019},
    publisher = {GitHub},
    howpublished = {\url{https://github.com/Wesley-Fisher/LaTeX_Report_Skeleton}},
    }